@ARTICLE{nair2010,
       author = {{Nair}, Preethi B. and {Abraham}, Roberto G.},
        title = "{A Catalog of Detailed Visual Morphological Classifications for 14,034 Galaxies in the Sloan Digital Sky Survey}",
      journal = {\apjs},
     keywords = {catalogs, galaxies: fundamental parameters, galaxies: photometry, galaxies: structure, Astrophysics - Cosmology and Nongalactic Astrophysics},
         year = "2010",
        month = "Feb",
       volume = {186},
       number = {2},
        pages = {427-456},
          doi = {10.1088/0067-0049/186/2/427},
archivePrefix = {arXiv},
       eprint = {1001.2401},
 primaryClass = {astro-ph.CO},
       adsurl = {https://ui.adsabs.harvard.edu/abs/2010ApJS..186..427N},
      adsnote = {Provided by the SAO/NASA Astrophysics Data System}
}

@ARTICLE{westfall2019,
       author = {{Westfall}, Kyle B. and {Cappellari}, Michele and
         {Bershady}, Matthew A. and {Bundy}, Kevin and {Belfiore}, Francesco and
         {Ji}, Xihan and {Law}, David R. and {Schaefer}, Adam and
         {Shetty}, Shravan and {Tremonti}, Christy A. and {Yan}, Renbin and
         {Andrews}, Brett H. and {Brownstein}, Joel R. and {Cherinka}, Brian and
         {Coccato}, Lodovico and {Drory}, Niv and {Maraston}, Claudia and
         {Parikh}, Taniya and {S{\'a}nchez-Gallego}, Jos{\'e} R. and
         {Thomas}, Daniel and {Weijmans}, Anne-Marie and
         {Barrera-Ballesteros}, Jorge and {Du}, Cheng and {Goddard}, Daniel and
         {Li}, Niu and {Masters}, Karen and {Ibarra Medel}, H{\'e}ctor Javier and
         {S{\'a}nchez}, Sebasti{\'a}n F. and {Yang}, Meng and {Zheng}, Zheng and
         {Zhou}, Shuang},
        title = "{The Data Analysis Pipeline for the SDSS-IV MaNGA IFU Galaxy Survey: Overview}",
      journal = {arXiv e-prints},
     keywords = {Astrophysics - Astrophysics of Galaxies},
         year = "2019",
        month = "Jan",
          eid = {arXiv:1901.00856},
        pages = {arXiv:1901.00856},
archivePrefix = {arXiv},
       eprint = {1901.00856},
 primaryClass = {astro-ph.GA},
       adsurl = {https://ui.adsabs.harvard.edu/abs/2019arXiv190100856W},
      adsnote = {Provided by the SAO/NASA Astrophysics Data System}
}

@ARTICLE{belfoire2019,
       author = {{Belfiore}, Francesco and {Westfall}, Kyle B. and {Schaefer}, Adam and
         {Cappellari}, Michele and {Ji}, Xihan and {Bershady}, Matthew A. and
         {Tremonti}, Christy and {Law}, David R. and {Yan}, Renbin and
         {Bundy}, Kevin and {Shetty}, Shravan and {Drory}, Niv and
         {Thomas}, Daniel and {Emsellem}, Eric and
         {S{\'a}nchez}, Sebasti{\'a}n F.},
        title = "{The Data Analysis Pipeline for the SDSS-IV MaNGA IFU Galaxy Survey: Emission-Line Modeling}",
      journal = {arXiv e-prints},
     keywords = {Astrophysics - Astrophysics of Galaxies},
         year = "2019",
        month = "Jan",
          eid = {arXiv:1901.00866},
        pages = {arXiv:1901.00866},
archivePrefix = {arXiv},
       eprint = {1901.00866},
 primaryClass = {astro-ph.GA},
       adsurl = {https://ui.adsabs.harvard.edu/abs/2019arXiv190100866B},
      adsnote = {Provided by the SAO/NASA Astrophysics Data System}
}

@ARTICLE{gunn2006,
   author = {{Gunn}, J.~E. and {Siegmund}, W.~A. and {Mannery}, E.~J. and 
	{Owen}, R.~E. and {Hull}, C.~L. and {Leger}, R.~F. and {Carey}, L.~N. and 
	{Knapp}, G.~R. and {York}, D.~G. and {Boroski}, W.~N. and {Kent}, S.~M. and 
	{Lupton}, R.~H. and {Rockosi}, C.~M. and {Evans}, M.~L. and 
	{Waddell}, P. and {Anderson}, J.~E. and {Annis}, J. and {Barentine}, J.~C. and 
	{Bartoszek}, L.~M. and {Bastian}, S. and {Bracker}, S.~B. and 
	{Brewington}, H.~J. and {Briegel}, C.~I. and {Brinkmann}, J. and 
	{Brown}, Y.~J. and {Carr}, M.~A. and {Czarapata}, P.~C. and 
	{Drennan}, C.~C. and {Dombeck}, T. and {Federwitz}, G.~R. and 
	{Gillespie}, B.~A. and {Gonzales}, C. and {Hansen}, S.~U. and 
	{Harvanek}, M. and {Hayes}, J. and {Jordan}, W. and {Kinney}, E. and 
	{Klaene}, M. and {Kleinman}, S.~J. and {Kron}, R.~G. and {Kresinski}, J. and 
	{Lee}, G. and {Limmongkol}, S. and {Lindenmeyer}, C.~W. and 
	{Long}, D.~C. and {Loomis}, C.~L. and {McGehee}, P.~M. and {Mantsch}, P.~M. and 
	{Neilsen}, Jr., E.~H. and {Neswold}, R.~M. and {Newman}, P.~R. and 
	{Nitta}, A. and {Peoples}, Jr., J. and {Pier}, J.~R. and {Prieto}, P.~S. and 
	{Prosapio}, A. and {Rivetta}, C. and {Schneider}, D.~P. and 
	{Snedden}, S. and {Wang}, S.-i.},
    title = "{The 2.5 m Telescope of the Sloan Digital Sky Survey}",
  journal = {\aj},
   eprint = {astro-ph/0602326},
 keywords = {Surveys, Telescopes},
     year = 2006,
    month = apr,
   volume = 131,
    pages = {2332-2359},
      doi = {10.1086/500975},
   adsurl = {http://adsabs.harvard.edu/abs/2006AJ....131.2332G},
  adsnote = {Provided by the SAO/NASA Astrophysics Data System}
}

@ARTICLE{smee2013,
   author = {{Smee}, S.~A. and {Gunn}, J.~E. and {Uomoto}, A. and {Roe}, N. and 
	{Schlegel}, D. and {Rockosi}, C.~M. and {Carr}, M.~A. and {Leger}, F. and 
	{Dawson}, K.~S. and {Olmstead}, M.~D. and {Brinkmann}, J. and 
	{Owen}, R. and {Barkhouser}, R.~H. and {Honscheid}, K. and {Harding}, P. and 
	{Long}, D. and {Lupton}, R.~H. and {Loomis}, C. and {Anderson}, L. and 
	{Annis}, J. and {Bernardi}, M. and {Bhardwaj}, V. and {Bizyaev}, D. and 
	{Bolton}, A.~S. and {Brewington}, H. and {Briggs}, J.~W. and 
	{Burles}, S. and {Burns}, J.~G. and {Castander}, F.~J. and {Connolly}, A. and 
	{Davenport}, J.~R.~A. and {Ebelke}, G. and {Epps}, H. and {Feldman}, P.~D. and 
	{Friedman}, S.~D. and {Frieman}, J. and {Heckman}, T. and {Hull}, C.~L. and 
	{Knapp}, G.~R. and {Lawrence}, D.~M. and {Loveday}, J. and {Mannery}, E.~J. and 
	{Malanushenko}, E. and {Malanushenko}, V. and {Merrelli}, A.~J. and 
	{Muna}, D. and {Newman}, P.~R. and {Nichol}, R.~C. and {Oravetz}, D. and 
	{Pan}, K. and {Pope}, A.~C. and {Ricketts}, P.~G. and {Shelden}, A. and 
	{Sandford}, D. and {Siegmund}, W. and {Simmons}, A. and {Smith}, D.~S. and 
	{Snedden}, S. and {Schneider}, D.~P. and {SubbaRao}, M. and 
	{Tremonti}, C. and {Waddell}, P. and {York}, D.~G.},
    title = "{The Multi-object, Fiber-fed Spectrographs for the Sloan Digital Sky Survey and the Baryon Oscillation Spectroscopic Survey}",
  journal = {\aj},
archivePrefix = "arXiv",
   eprint = {1208.2233},
 primaryClass = "astro-ph.IM",
 keywords = {cosmology: observations, instrumentation: spectrographs, surveys },
     year = 2013,
    month = aug,
   volume = 146,
      eid = {32},
    pages = {32},
      doi = {10.1088/0004-6256/146/2/32},
   adsurl = {http://adsabs.harvard.edu/abs/2013AJ....146...32S},
  adsnote = {Provided by the SAO/NASA Astrophysics Data System}
}

@ARTICLE{drory2015,
   author = {{Drory}, N. and {MacDonald}, N. and {Bershady}, M.~A. and {Bundy}, K. and 
	{Gunn}, J. and {Law}, D.~R. and {Smith}, M. and {Stoll}, R. and 
	{Tremonti}, C.~A. and {Wake}, D.~A. and {Yan}, R. and {Weijmans}, A.~M. and 
	{Byler}, N. and {Cherinka}, B. and {Cope}, F. and {Eigenbrot}, A. and 
	{Harding}, P. and {Holder}, D. and {Huehnerhoff}, J. and {Jaehnig}, K. and 
	{Jansen}, T.~C. and {Klaene}, M. and {Paat}, A.~M. and {Percival}, J. and 
	{Sayres}, C.},
    title = "{The MaNGA Integral Field Unit Fiber Feed System for the Sloan 2.5 m Telescope}",
  journal = {\aj},
archivePrefix = "arXiv",
   eprint = {1412.1535},
 primaryClass = "astro-ph.IM",
 keywords = {galaxies: general, instrumentation: spectrographs, surveys, techniques: imaging spectroscopy},
     year = 2015,
    month = feb,
   volume = 149,
      eid = {77},
    pages = {77},
      doi = {10.1088/0004-6256/149/2/77},
   adsurl = {http://adsabs.harvard.edu/abs/2015AJ....149...77D},
  adsnote = {Provided by the SAO/NASA Astrophysics Data System}
}

@ARTICLE{law2015obs,
   author = {{Law}, D.~R. and {Yan}, R. and {Bershady}, M.~A. and {Bundy}, K. and 
	{Cherinka}, B. and {Drory}, N. and {MacDonald}, N. and {S{\'a}nchez-Gallego}, J.~R. and 
	{Wake}, D.~A. and {Weijmans}, A.-M. and {Blanton}, M.~R. and 
	{Klaene}, M.~A. and {Moran}, S.~M. and {Sanchez}, S.~F. and 
	{Zhang}, K.},
    title = "{Observing Strategy for the SDSS-IV/MaNGA IFU Galaxy Survey}",
  journal = {\aj},
archivePrefix = "arXiv",
   eprint = {1505.04285},
 primaryClass = "astro-ph.IM",
 keywords = {atmospheric effects, methods: observational, surveys, techniques: imaging spectroscopy},
     year = 2015,
    month = jul,
   volume = 150,
      eid = {19},
    pages = {19},
      doi = {10.1088/0004-6256/150/1/19},
   adsurl = {http://adsabs.harvard.edu/abs/2015AJ....150...19L},
  adsnote = {Provided by the SAO/NASA Astrophysics Data System}
}

@ARTICLE{yan2016obs,
   author = {{Yan}, R. and {Bundy}, K. and {Law}, D.~R. and {Bershady}, M.~A. and 
	{Andrews}, B. and {Cherinka}, B. and {Diamond-Stanic}, A.~M. and 
	{Drory}, N. and {MacDonald}, N. and {S{\'a}nchez-Gallego}, J.~R. and 
	{Thomas}, D. and {Wake}, D.~A. and {Weijmans}, A.-M. and {Westfall}, K.~B. and 
	{Zhang}, K. and {Arag{\'o}n-Salamanca}, A. and {Belfiore}, F. and 
	{Bizyaev}, D. and {Blanc}, G.~A. and {Blanton}, M.~R. and {Brownstein}, J. and 
	{Cappellari}, M. and {D'Souza}, R. and {Emsellem}, E. and {Fu}, H. and 
	{Gaulme}, P. and {Graham}, M.~T. and {Goddard}, D. and {Gunn}, J.~E. and 
	{Harding}, P. and {Jones}, A. and {Kinemuchi}, K. and {Li}, C. and 
	{Li}, H. and {Maiolino}, R. and {Mao}, S. and {Maraston}, C. and 
	{Masters}, K. and {Merrifield}, M.~R. and {Oravetz}, D. and 
	{Pan}, K. and {Parejko}, J.~K. and {Sanchez}, S.~F. and {Schlegel}, D. and 
	{Simmons}, A. and {Thanjavur}, K. and {Tinker}, J. and {Tremonti}, C. and 
	{van den Bosch}, R. and {Zheng}, Z.},
    title = "{SDSS-IV MaNGA IFS Galaxy Survey{\mdash}Survey Design, Execution, and Initial Data Quality}",
  journal = {\aj},
archivePrefix = "arXiv",
   eprint = {1607.08613},
 keywords = {galaxies: evolution, galaxies: general, surveys, techniques: imaging spectroscopy},
     year = 2016,
    month = dec,
   volume = 152,
      eid = {197},
    pages = {197},
      doi = {10.3847/0004-6256/152/6/197},
   adsurl = {http://adsabs.harvard.edu/abs/2016AJ....152..197Y},
  adsnote = {Provided by the SAO/NASA Astrophysics Data System}
}

@ARTICLE{law2016drp,
   author = {{Law}, D.~R. and {Cherinka}, B. and {Yan}, R. and {Andrews}, B.~H. and 
	{Bershady}, M.~A. and {Bizyaev}, D. and {Blanc}, G.~A. and {Blanton}, M.~R. and 
	{Bolton}, A.~S. and {Brownstein}, J.~R. and {Bundy}, K. and 
	{Chen}, Y. and {Drory}, N. and {D'Souza}, R. and {Fu}, H. and 
	{Jones}, A. and {Kauffmann}, G. and {MacDonald}, N. and {Masters}, K.~L. and 
	{Newman}, J.~A. and {Parejko}, J.~K. and {S{\'a}nchez-Gallego}, J.~R. and 
	{S{\'a}nchez}, S.~F. and {Schlegel}, D.~J. and {Thomas}, D. and 
	{Wake}, D.~A. and {Weijmans}, A.-M. and {Westfall}, K.~B. and 
	{Zhang}, K.},
    title = "{The Data Reduction Pipeline for the SDSS-IV MaNGA IFU Galaxy Survey}",
  journal = {\aj},
archivePrefix = "arXiv",
   eprint = {1607.08619},
 primaryClass = "astro-ph.IM",
 keywords = {methods: data analysis, surveys, techniques: imaging spectroscopy},
     year = 2016,
    month = oct,
   volume = 152,
      eid = {83},
    pages = {83},
      doi = {10.3847/0004-6256/152/4/83},
   adsurl = {http://adsabs.harvard.edu/abs/2016AJ....152...83L},
  adsnote = {Provided by the SAO/NASA Astrophysics Data System}
}

@ARTICLE{cappellari2004,
   author = {{Cappellari}, M. and {Emsellem}, E.},
    title = "{Parametric Recovery of Line-of-Sight Velocity Distributions from Absorption-Line Spectra of Galaxies via Penalized Likelihood}",
  journal = {\pasp},
   eprint = {astro-ph/0312201},
 keywords = {Galaxies: Individual: NGC Number: NGC 3384, Galaxies: Kinematics and Dynamics, line: profiles, Methods: Numerical},
     year = 2004,
    month = feb,
   volume = 116,
    pages = {138-147},
      doi = {10.1086/381875},
   adsurl = {http://adsabs.harvard.edu/abs/2004PASP..116..138C},
  adsnote = {Provided by the SAO/NASA Astrophysics Data System}
}
@ARTICLE{cappellari2017,
   author = {{Cappellari}, M.},
    title = "{Improving the full spectrum fitting method: accurate convolution with Gauss-Hermite functions}",
  journal = {\mnras},
archivePrefix = "arXiv",
   eprint = {1607.08538},
 keywords = {techniques: radial velocities, techniques: spectroscopic, galaxies: kinematics and dynamics},
     year = 2017,
    month = apr,
   volume = 466,
    pages = {798-811},
      doi = {10.1093/mnras/stw3020},
   adsurl = {http://adsabs.harvard.edu/abs/2017MNRAS.466..798C},
  adsnote = {Provided by the SAO/NASA Astrophysics Data System}
}
@ARTICLE{sanchez2006,
   author = {{S{\'a}nchez-Bl{\'a}zquez}, P. and {Peletier}, R.~F. and {Jim{\'e}nez-Vicente}, J. and 
	{Cardiel}, N. and {Cenarro}, A.~J. and {Falc{\'o}n-Barroso}, J. and 
	{Gorgas}, J. and {Selam}, S. and {Vazdekis}, A.},
    title = "{Medium-resolution Isaac Newton Telescope library of empirical spectra}",
  journal = {\mnras},
   eprint = {astro-ph/0607009},
 keywords = {atlases: stars: fundamental parameters: galaxies: stellar content, atlases, stars: fundamental parameters, galaxies: stellar content},
     year = 2006,
    month = sep,
   volume = 371,
    pages = {703-718},
      doi = {10.1111/j.1365-2966.2006.10699.x},
   adsurl = {http://adsabs.harvard.edu/abs/2006MNRAS.371..703S},
  adsnote = {Provided by the SAO/NASA Astrophysics Data System}
}

@ARTICLE{falcon2011,
   author = {{Falc{\'o}n-Barroso}, J. and {S{\'a}nchez-Bl{\'a}zquez}, P. and 
	{Vazdekis}, A. and {Ricciardelli}, E. and {Cardiel}, N. and 
	{Cenarro}, A.~J. and {Gorgas}, J. and {Peletier}, R.~F.},
    title = "{An updated MILES stellar library and stellar population models}",
  journal = {\aap},
archivePrefix = "arXiv",
   eprint = {1107.2303},
 keywords = {catalogs, methods: data analysis, techniques: spectroscopic, stars: kinematics and dynamics, galaxies: kinematics and dynamics},
     year = 2011,
    month = aug,
   volume = 532,
      eid = {A95},
    pages = {A95},
      doi = {10.1051/0004-6361/201116842},
   adsurl = {http://adsabs.harvard.edu/abs/2011A%26A...532A..95F},
  adsnote = {Provided by the SAO/NASA Astrophysics Data System}
}

@ARTICLE{cappellari2003,
   author = {{Cappellari}, M. and {Copin}, Y.},
    title = "{Adaptive spatial binning of integral-field spectroscopic data using Voronoi tessellations}",
  journal = {\mnras},
   eprint = {astro-ph/0302262},
 keywords = {methods: data analysis, techniques: photometric, techniques: spectroscopic},
     year = 2003,
    month = jun,
   volume = 342,
    pages = {345-354},
      doi = {10.1046/j.1365-8711.2003.06541.x},
   adsurl = {http://adsabs.harvard.edu/abs/2003MNRAS.342..345C},
  adsnote = {Provided by the SAO/NASA Astrophysics Data System}
}

@ARTICLE{krajnovic2006,
   author = {{Krajnovi{\'c}}, D. and {Cappellari}, M. and {de Zeeuw}, P.~T. and 
	{Copin}, Y.},
    title = "{Kinemetry: a generalization of photometry to the higher moments of the line-of-sight velocity distribution}",
  journal = {\mnras},
   eprint = {astro-ph/0512200},
 keywords = {methods: data analysis, techniques: photometric, techniques: spectroscopic, galaxies: kinematics and dynamics, galaxies: photometry},
     year = 2006,
    month = mar,
   volume = 366,
    pages = {787-802},
      doi = {10.1111/j.1365-2966.2005.09902.x},
   adsurl = {http://adsabs.harvard.edu/abs/2006MNRAS.366..787K},
  adsnote = {Provided by the SAO/NASA Astrophysics Data System}
}

@ARTICLE{yan2016spec,
   author = {{Yan}, R. and {Tremonti}, C. and {Bershady}, M.~A. and {Law}, D.~R. and 
	{Schlegel}, D.~J. and {Bundy}, K. and {Drory}, N. and {MacDonald}, N. and 
	{Bizyaev}, D. and {Blanc}, G.~A. and {Blanton}, M.~R. and {Cherinka}, B. and 
	{Eigenbrot}, A. and {Gunn}, J.~E. and {Harding}, P. and {Hogg}, D.~W. and 
	{S{\'a}nchez-Gallego}, J.~R. and {S{\'a}nchez}, S.~F. and {Wake}, D.~A. and 
	{Weijmans}, A.-M. and {Xiao}, T. and {Zhang}, K.},
    title = "{SDSS-IV/MaNGA: Spectrophotometric Calibration Technique}",
  journal = {\aj},
archivePrefix = "arXiv",
   eprint = {1511.01496},
 primaryClass = "astro-ph.IM",
 keywords = {atmospheric effects, methods: observational, surveys, techniques: imaging spectroscopy},
     year = 2016,
    month = jan,
   volume = 151,
      eid = {8},
    pages = {8},
      doi = {10.3847/0004-6256/151/1/8},
   adsurl = {http://adsabs.harvard.edu/abs/2016AJ....151....8Y},
  adsnote = {Provided by the SAO/NASA Astrophysics Data System}
}

@ARTICLE{willett2013,
       author = {{Willett}, Kyle W. and {Lintott}, Chris J. and {Bamford}, Steven P. and
         {Masters}, Karen L. and {Simmons}, Brooke D. and
         {Casteels}, Kevin R.~V. and {Edmondson}, Edward M. and
         {Fortson}, Lucy F. and {Kaviraj}, Sugata and {Keel}, William C. and
         {Melvin}, Thomas and {Nichol}, Robert C. and {Raddick}, M. Jordan and
         {Schawinski}, Kevin and {Simpson}, Robert J. and {Skibba}, Ramin A. and
         {Smith}, Arfon M. and {Thomas}, Daniel},
        title = "{Galaxy Zoo 2: detailed morphological classifications for 304 122 galaxies from the Sloan Digital Sky Survey}",
      journal = {\mnras},
     keywords = {methods: data analysis, catalogues, galaxies: elliptical and lenticular, galaxies: general, galaxies: spiral, Astrophysics - Cosmology and Nongalactic Astrophysics},
         year = "2013",
        month = "Nov",
       volume = {435},
       number = {4},
        pages = {2835-2860},
          doi = {10.1093/mnras/stt1458},
archivePrefix = {arXiv},
       eprint = {1308.3496},
 primaryClass = {astro-ph.CO},
       adsurl = {https://ui.adsabs.harvard.edu/abs/2013MNRAS.435.2835W},
      adsnote = {Provided by the SAO/NASA Astrophysics Data System}
}

@ARTICLE{lim2017,
       author = {{Lim}, S.~H. and {Mo}, H.~J. and {Lu}, Yi and {Wang}, Huiyuan and
         {Yang}, Xiaohu},
        title = "{Galaxy groups in the low-redshift Universe}",
      journal = {\mnras},
     keywords = {methods: statistical, galaxies: evolution, galaxies: formation, galaxies: haloes, Astrophysics - Astrophysics of Galaxies},
         year = "2017",
        month = "Sep",
       volume = {470},
       number = {3},
        pages = {2982-3005},
          doi = {10.1093/mnras/stx1462},
archivePrefix = {arXiv},
       eprint = {1706.02307},
 primaryClass = {astro-ph.GA},
       adsurl = {https://ui.adsabs.harvard.edu/abs/2017MNRAS.470.2982L},
      adsnote = {Provided by the SAO/NASA Astrophysics Data System}
}

@ARTICLE{yang2005,
       author = {{Yang}, Xiaohu and {Mo}, H.~J. and {van den Bosch}, Frank C. and
         {Jing}, Y.~P.},
        title = "{A halo-based galaxy group finder: calibration and application to the 2dFGRS}",
      journal = {\mnras},
     keywords = {methods: statistical, galaxies: haloes, dark matter, large-scale structure of the Universe, Astrophysics},
         year = "2005",
        month = "Feb",
       volume = {356},
       number = {4},
        pages = {1293-1307},
          doi = {10.1111/j.1365-2966.2005.08560.x},
archivePrefix = {arXiv},
       eprint = {astro-ph/0405234},
 primaryClass = {astro-ph},
       adsurl = {https://ui.adsabs.harvard.edu/abs/2005MNRAS.356.1293Y},
      adsnote = {Provided by the SAO/NASA Astrophysics Data System}
}

@ARTICLE{yang2007,
       author = {{Yang}, Xiaohu and {Mo}, H.~J. and {van den Bosch}, Frank C. and
         {Pasquali}, Anna and {Li}, Cheng and {Barden}, Marco},
        title = "{Galaxy Groups in the SDSS DR4. I. The Catalog and Basic Properties}",
      journal = {\apj},
     keywords = {Cosmology: Dark Matter, Galaxies: Halos, Cosmology: Large-Scale Structure of Universe, Methods: Statistical, Astrophysics},
         year = "2007",
        month = "Dec",
       volume = {671},
       number = {1},
        pages = {153-170},
          doi = {10.1086/522027},
archivePrefix = {arXiv},
       eprint = {0707.4640},
 primaryClass = {astro-ph},
       adsurl = {https://ui.adsabs.harvard.edu/abs/2007ApJ...671..153Y},
      adsnote = {Provided by the SAO/NASA Astrophysics Data System}
}

@ARTICLE{pipe3Da,
   author = {{S{\'a}nchez}, S.~F. and {P{\'e}rez}, E. and {S{\'a}nchez-Bl{\'a}zquez}, P. and 
	{Garc{\'{\i}}a-Benito}, R. and {Ibarra-Mede}, H.~J. and {Gonz{\'a}lez}, J.~J. and 
	{Rosales-Ortega}, F.~F. and {S{\'a}nchez-Menguiano}, L. and 
	{Ascasibar}, Y. and {Bitsakis}, T. and {Law}, D. and {Cano-D{\'{\i}}az}, M. and 
	{L{\'o}pez-Cob{\'a}}, C. and {Marino}, R.~A. and {Gil de Paz}, A. and 
	{L{\'o}pez-S{\'a}nchez}, A.~R. and {Barrera-Ballesteros}, J. and 
	{Galbany}, L. and {Mast}, D. and {Abril-Melgarejo}, V. and {Roman-Lopes}, A.
	},
    title = "{Pipe3D, a pipeline to analyze Integral Field Spectroscopy Data: II. Analysis sequence and CALIFA dataproducts}",
  journal = {\rmxaa},
archivePrefix = "arXiv",
   eprint = {1602.01830},
 primaryClass = "astro-ph.IM",
 keywords = {galaxies: structure, methods: data analysis, surveys, techniques: spectroscopic},
     year = 2016,
    month = apr,
   volume = 52,
    pages = {171-220},
   adsurl = {http://adsabs.harvard.edu/abs/2016RMxAA..52..171S},
  adsnote = {Provided by the SAO/NASA Astrophysics Data System}
}

@ARTICLE{pipe3Dvac,
       author = {{S{\'a}nchez}, S.~F. and {Avila-Reese}, V. and {Hernandez-Toledo}, H. and
         {Cortes-Su{\'a}rez}, E. and {Rodr{\'\i}guez-Puebla}, A. and
         {Ibarra-Medel}, H. and {Cano-D{\'\i}az}, M. and
         {Barrera-Ballesteros}, J.~K. and {Negrete}, C.~A. and {Calette}, A.~R. and
         {de Lorenzo-C{\'a}ceres}, A. and {Ortega-Minakata}, R.~A. and
         {Aquino}, E. and {Valenzuela}, O. and {Clemente}, J.~C. and
         {Storchi-Bergmann}, T. and {Riffel}, R. and {Schimoia}, J. and
         {Riffel}, R.~A. and {Rembold}, S.~B. and {Brownstein}, J.~R. and
         {Pan}, K. and {Yates}, R. and {Mallmann}, N. and {Bitsakis}, T.},
        title = "{SDSS IV MaNGA - Properties of AGN Host Galaxies}",
      journal = {\rmxaa},
     keywords = {catalogues, galaxies: active, galaxies: evolution, galaxies: nuclei, galaxies: star formation, techniques: imaging spectroscopy, Astrophysics - Astrophysics of Galaxies},
         year = "2018",
        month = "Apr",
       volume = {54},
        pages = {217-260},
archivePrefix = {arXiv},
       eprint = {1709.05438},
 primaryClass = {astro-ph.GA},
       adsurl = {https://ui.adsabs.harvard.edu/abs/2018RMxAA..54..217S},
      adsnote = {Provided by the SAO/NASA Astrophysics Data System}
}

@ARTICLE{graham2018,
       author = {{Graham}, Mark T. and {Cappellari}, Michele and {Li}, Hongyu and
         {Mao}, Shude and {Bershady}, Matthew A. and {Bizyaev}, Dmitry and
         {Brinkmann}, Jonathan and {Brownstein}, Joel R. and {Bundy}, Kevin and
         {Drory}, Niv and {Law}, David R. and {Pan}, Kaike and {Thomas}, Daniel and
         {Wake}, David A. and {Weijmans}, Anne-Marie and {Westfall}, Kyle B. and
         {Yan}, Renbin},
        title = "{SDSS-IV MaNGA: stellar angular momentum of about 2300 galaxies: unveiling the bimodality of massive galaxy properties}",
      journal = {\mnras},
     keywords = {galaxies: elliptical and lenticular, cD, galaxies: evolution, galaxies: formation, galaxies: kinematics and dynamics, galaxies: spiral, Astrophysics - Astrophysics of Galaxies},
         year = "2018",
        month = "Jul",
       volume = {477},
       number = {4},
        pages = {4711-4737},
          doi = {10.1093/mnras/sty504},
archivePrefix = {arXiv},
       eprint = {1802.08213},
 primaryClass = {astro-ph.GA},
       adsurl = {https://ui.adsabs.harvard.edu/abs/2018MNRAS.477.4711G},
      adsnote = {Provided by the SAO/NASA Astrophysics Data System}
}

